@article{findContours,
  author  = {Satoshi Suzuki and others},
  title   = {Topological structural analysis of digitized binary images by border following},
  journal = {Computer Vision, Graphics, and Image Processing},
  year    = 1985,
  volume  = 30,
  number  = 1,
  pages   = {32-46},
  month   = Apr
}

@manual{AR-Pool-Projector,
  title        = {ar당구인공지능 내비게이션 (빌리내비)전세계최초상용화 증강현실당구 아카데미},
  year         = {2019 (accessed Oct 7, 2020)},
  organization = {Youtube},
  author       = {이동연},
  note         = {\url{https://youtu.be/bbqqmQsQOxU}}
}
date         = {2019-04-03}

@manual{AR-Pool-Projector-2,
  title        = {This AR projector system acts like a billiards coach},
  year         = {2018 (accessed Oct 7, 2020},
  organization = {Youtube},
  author       = {Interesting Engineering},
  note         = {\url{https://youtu.be/zHVW2_lH9vs}}
}
date         = {2018-06-01}
